%Artigo de periodico
@article{article2016,
address={Local},
author={Autor},
journal={Revista ou periódico},
number={Num},
pages={pi-pf},  
title={Titulo},
volume={Vol},
year={Ano}}

%-------------------------------------------
%Artigo de evento
@inproceedings{inproceedings2016,
address={Local da publicação},
author={Autor},
booktitle={Anais...},
conference-number={Num. da conf.},
conference-year={Ano da conf.},
conference-location={Local da conf.}
organization={Nome da conf.},
pages={pi=pf},  
publisher={IFRN},
title={Titulo},
year={Ano da publicação}}

%-------------------------------------------
%Livro
@book{book2016,
address={Local},
author={Autor},
edition={Edição},
pages={Total de paginas},  
publisher={Editora},
title={Titulo},
year={ano}}	


%-------------------------------------------
%Cap.de livro. (AutorC == AutorL)
@inbook{inbook2016,
address={Local},
author={Autor},
booktitle={Titulo do livro},
chapter={Numero do Cap.},
edition={Edicao},
pages={pi-pf},  
publisher={Editora},
title={Titulo},
year={Ano}}


%-------------------------------------------
%Cap.de livro. (AutorC != AutorL)
@incollection{incollection2016,
address={Local},
author={Autor},
booktitle={Titulo do livro},
chapter={Num. do capitulo},
editor={Nome do Editor},
editortype={Org.},
edition={Num. edicao},
pages={pi-pf},  
publisher={Editora},
title={Titulo},
year={Ano}}

%-------------------------------------------
%EXEMPLO
%-------------------------------------------
@book{tanebaun2010,
	address={S\~{a}o Paulo},
	author={Andrew S. Tanebaum},
	edition={3},
	pages={638},  
	publisher={Pearlson Prentice Hall},
	title={Sistemas Operacionais Modernos},
	year={2010}}	
}

@MISC{samsung,

	title={Samsung Brasil},
  	HOWPUBLISHED = {\url{http://www.theregister.co.uk/2011/02/01/arm_holdings_q4_2010_numbers/}},
  	NOTE = "acessado em 20/03/2017",
  	year={2017}
}

@MISC{sony,

	title={Sony Brasil},
  	HOWPUBLISHED = {\url{http://www.sony.com.br/}},
  	NOTE = "acessado em 20/03/2017",
  	year={2017}
}

@MISC{microsoft,

	title={Microsoft},
  	HOWPUBLISHED = {\url{https://www.microsoft.com/pt-br/}},
  	NOTE = "acessado em 20/03/2017",
  	year={2017}
}
